@article{Mezzadri2007,
    AUTHOR = {Mezzadri, Francesco},
     TITLE = {How to generate random matrices from the classical compact
              groups},
   JOURNAL = {Notices Amer. Math. Soc.},
  FJOURNAL = {Notices of the American Mathematical Society},
    VOLUME = {54},
      YEAR = {2007},
    NUMBER = {5},
     PAGES = {592--604},
      ISSN = {0002-9920},
     CODEN = {AMNOAN},
   MRCLASS = {22C05 (11M20 15A52 82-04 82B41)},
  MRNUMBER = {2311982 (2008e:22005)},
MRREVIEWER = {Steven Joel Miller},
}
